
@online{aks,
	author = {Manindra Agrawal, Neeraj Kayal, and Nitin Saxena},
	title = {PRIMES is in P},
    date = {2002},
	url =  {https://www.microsoft.com/en-us/research/wp-content/uploads/2016/02/primality_journal.pdf}
}

@book{D73,
	author = {Martin Dietzfelbinger},
	title = {Primality Testing in Polynomial Time},
    year = {1973}
}





